@MISC{web1,
	howpublished = {Website},
	year = {2016},
	month = {Junio},
	note = {\newline \url{https://www.openstreetmap.org/about}}
}

@MISC{web2,
	howpublished = {Website},
	year = {2016},
	month = {Junio},
	note = {\newline \url{https://daily.zooniverse.org/2014/09/16/citizen-science-in-dictionary/}}
}

@MISC{web3,
	howpublished = {Website},
	year = {2016},
	month = {Junio},
	note = {\newline \url{https://www.google.com/recaptcha/intro/index.html}}
}

@MISC{web4,
	howpublished = {Website},
	year = {2016},
	month = {Junio},
	note = {\newline \url{http://www.adivor.com.mx/blog-de-adivor/que-es-el-crowdsourcing-ventajas-y-desventajas-para-tu-negocio.html}}
}

@MISC{web5,
	howpublished = {Website},
	year = {2016},
	month = {Junio},
	note = {\newline \url{http://opensource.orgdocs/osd}}
}

@MISC{web6,
	howpublished = {Website},
	year = {2016},
	month = {Junio},

	note = {\newline The Myth of Crowdsourcing at Wikipedia By greybeard and Kelly Martin}
}

@MISC{web7,
	howpublished = {Website},
	year = {2015},
	month = {Junio},
	note = {\newline \url{http://www.infocrowdsourcing.com/crowdfunding-espana-2013-19-millones/}}
}
